%--------------------------------------------------------------------------------------------
% UNISOCIESC - CENTRO UNIVERSITÁRIO SOCIESC
%
% Autor: Anderson Luis Machado
% Data última atualização: 27/03/2016
%--------------------------------------------------------------------------------------------
% Base bibliográfica do TCC
%--------------------------------------------------------------------------------------------

@misc{Allam2015,
    author = {A. Allam and Z. Kostova and K. Nakamoto and P. J. Schulz},
    title = {The effect of social support features and gamification on a web based intervention for rheumatoid arthritis patients: Randomized controlled trial},
    howpublished = {Journal of Medical Internet Research},
    year = {2015}
}

@Book{Angeloni2008,
	author = {M. T. Angeloni},
	editor = {Saraiva},
	title = {Organizações do conhecimento: infra-estrutura, pessoas e tecnologia},
	publisher = {Saraiva},
	edition = {2.ed},
	address = {São Paulo},
	year = {2008}
}

@misc{Andriessen2006,
    author = {J.H.E. Andriessen},
    title = {To share or not to share, that is the question. Conditions for the willingness to share knowledge},
    howpublished = {University of Technology},
    publisher = {Delft},
    address = {The Netherlands},
    year = {2006}
}

@Misc{Bartle1996,
author = {Richard Bartle},
title = {“Hearts, clubs, diamonds, spades: players who suit muds”},
year = {1996},
note = {Disponível em:http://www.mud.co.uk/richard/hcds.htm Acesso em: 24 ago. 2015},
}

@misc{Blohm2013,
    author = {I. Blohm and J. M. Leimeister},
    title = {Gamification - Design of IT-Based Enhancing Services for Motivational Support and Behavioral Change},
    howpublished = {Business & Information Systems Engineering},
   year = {2013},
   note ={5(4), 275-278}
}

@misc{CabreraCabrera2005,
    author = {E. F. Cabrera and A. Cabrera},
    title = {Fostering knowledge sharing through people management practices},
    howpublished = {The International Journal of Human Resource Management},
    year = {2005},
    note ={16:5, 720-735}
}

@misc{CabreraCollinsSalgado2006,
    author = {A. Cabrera and W. C. Collins and J. F. Salgado},
    title = {Determinants of individual engagement in knowledge sharing},
    howpublished = {The International Journal of Human Resource Management},
    year = {2006},
   note ={17:2, 245-264}
}

@misc{ChangChuang2010,
    author = {H. H. Chang and Shuang-Shii Chuang},
    title = {Social capital and individual motivations on knowledge sharing: Participant involvement as a moderator},
    howpublished = {Information & Management},
    publisher = {Elsevier},
    year = {2010}
}

@misc{ChenPu2014,
    author = {Y. Chen and P. Pu},
    title = {Healthy Together: Exploring social incentives for mobile
fitness applications},
    howpublished = {In Proceedings of Chinese CHI '14, Toronto, Canadá},
    year = {2014},
    note = {p. 25-34}
}

@misc{ChenZhangPu2014,
    author = {Y. Chen and J. Zhang and P. Pu},
    title = {Exploring social accountability in pervasive fitness
apps
},
    howpublished = {UBICOMM2014, Roma, Itália, Agosto, 24–28, p. 221–226},
    year = {2014}
}

@misc{Deterding2011,
    author = {S. Deterding and D. Dixon and R. Khaled and Lennart Nacke},
    title = {From game design elements to gamefulness: Defining gamification},
    howpublished = {15th international
academic MindTrek conference: Envisioning future media environments, Tampere,
Finlândia, Setembro, 28–30, p. 9–15},
    year = {2011}
}

@Misc{IEEE2014,
author = {IEEE},
title = {Everyone’s a gamer – IEEE experts predict gaming will be integrated into
more than 85 percent of daily tasks by 2020},
year = {2014},
note = {Disponível em:http://www.ieee.org/about/news/%202014/25_feb_2014.html Acesso em: 05 jun. 2015},
}

@misc{Eugenio2013,
    author = {T. J. B. Eug\^enio},
    title = {Um Olhar Evolucionista para os Mecanismos Cognitivos Associados às Trocas Sociais},
    howpublished = {Scielo},
    year = {2013}  
}

@book{Fialho2006,
    author = {Francisco Antônio Pereira Fialho and Neri dos Santos and Marcelo Macedo and Tibério da Costa Mitidieri},
    title = {Gestão do conhecimento e aprendizagem: As estratégias competitivas da sociedade Pós-indústrial},
    year = {2006},
    publisher = {Visual Books},
    address = {Florianópolis}
}

@book{Figueiredo2005,
    author = {S. P. Figueiredo},
    title = {Gestão do conhecimento: Estratégias competitivas para a criação e mobilização do conhecimento na empresa},
    edition = {3},
    year = {2005},
    publisher = {Qualitymark},
    address = {Rio de Janeiro}
}

@Misc{Gartner2011,
author = {Gartner},
title = {Gartner Says By 2015, More Than 50 Percent of Organizations That Manage Innovation Processes Will Gamify Those Processes},
year = {2011},
note = {Disponível em: <http://www.gartner.com/newsroom/id/1629214>. Acesso em: 28 mar. 2015},
}

@Book{Ghisi2012,
	author = {C. Ghisi},
	title = {Mecanismo infométrico aplicado em um ambiente para gestão do
conhecimento: o caso sociesc
},
	publisher = {Trabalho de Conclusão de Curso apresentado ao
Instituto Superior Tupy - IST},
	address = {Joinville},
	year = {2012}
}

@book{Gil2010,
    author = {A. C. Gil},
    title = {Como Elaborar Projetos de Pesquisa},
    edition = {5},
    year = {2010},
    publisher = {Atlas},
    address = {São Paulo}
}

@misc{HamariKoivistoSarsa2014,
    author = {J. Hamari and J. Koivisto and H. Sarsa},
    title = {Does Gamification Work? – A Literature Review of Empirical Studies on Gamification},
    howpublished = {Hawaii International Conference on System Sciences},
    address = {Hawaii},
    year = {2014}
}

@misc{HamariKoivisto2015,
    author = {J. Hamari and J. Koivisto},
    title = {‘‘Working out for likes’’: An empirical study on social influence
in exercise gamification
},
    howpublished = {Computers in Human Behavior},
    publisher = {Elsevier},
    year = {2015}
}

@misc{HamariHuotariTolvanen2015,
    author = {J. Hamari and K. Huotari and J. Tolvanen},
    title = {Gamification and economics},
    howpublished = {S. P.
Walz & S. Deterding (Eds.), The gameful world: Approaches, issues, applications
},
    publisher = {MIT Press},
    address = {Cambridge},
    year = {2015}
}

@misc{Hamari2013,
    author = {J. Hamari},
    title = {Transforming homo economicus into homo ludens: A field experiment on gamification in a utilitarian peer-to-peer trading service},
    howpublished = {Electronic Commerce Research and Applications},
    year = {2013}
}

@misc{HamariEranti2011,
    author = {J. Hamari and V. Eranti},
    title = {Framework for designing and evaluating game achievements},
    howpublished = {Digra 2011 conference: Think design play, Hilversum, Netherlands, September 14–17},
    year = {2011}
}

@misc{Hamari2015,
    author = {J. Hamari},
    title = {Do badges increase user activity? A field experiment on the effects of
Gamification
},
    howpublished = {Computers in Human Behavior},
    publisher = {Elsevier},
    year = {2015}
}

@Book{Heuser2009,
	author = {Carlos Alberto Heuser},
	editor = {Bookman},
	title = {Projeto de Banco de Dados},
	publisher = {Artmed},
	edition = {6},
	address = {Porto Alegre},
	year = {2009}
}

@misc{Hungetal2011,
    author = {Shin-Yuan Hung and Alexandra Durcikova and  Hui-Min Lai and  Wan-Mei Lin},
    title = {The influence of intrinsic and extrinsic motivation on individuals’ knowledge sharing behavior},
    howpublished = {Int. J. Human-Computer Studies},
    publisher = {Elsevier},
    month = {Fevereiro},
    year = {2011}
}

@misc{Hsuetal2006,
    author = {Meng-Hsiang Hsu and Teresa L. Ju and Chia-Hui Yen and Chun-Ming Chang},
    title = {Knowledge sharing behavior in virtual communities: The relationship between trust, self-efficacy, and outcome expectations},
     howpublished = {Int. J. Human-Computer Studies, p.153-169},
    publisher = {Elsevier},
    year = {2006}
}

@misc{Jakobsson2011,
    author = {M. Jakobsson},
    title = {The achievement machine: Understanding Xbox 360 achievements in gaming practices},
    publisher = {Game Studies, 11(1), 1–22},
    year = {2011}
}

@misc{KimLee2013,
    author = {J. T. Kim and W-H. Lee},
    title = {Dynamical model for gamification of learning (DMGL)},
    publisher = {Springer},
    year = {2013}
}

@misc{Lietal2013,
    author = {Cen Li and Zhijiang Dong and Roland H. Untch and Michael Chasteen},
    title = {Engaging Computer Science Students through Gamification in an Online Social Network Based Collaborative Learning Environment},
    howpublished = {International Journal of Information and Education Technology, Vol. 3, No. 1},
    month = {Fevereiro},
    year = {2013}
}

@misc{Demarcosetal2014,
    author = {Luis de-Marcos and Adrián Domínguez and Joseba Saenz-de-Navarrete and Carmen Pagés},
    title = {An empirical study comparing gamification and social networking on e-learning},
    howpublished = {Computers \& Education },
    publisher = {Elsevier},
    year = {2014}
}

@misc{MoresiMendes2010,
    author = {E. A. D. Moresi and S. P. Mendes},
    title = {Compartilhamento do conhecimento em portais corporativos},
    publisher = {TransInformação, 22(1):19-32, jan./abr},
    address = {Campinas},
    year = {2010}
}

@Book{Neto2005,
	author = {R. C. D. de A. Neto},
	title = {Gestão do conhecimento em organizações: Proposta de mapeamento conceitual e integrativo},
	publisher = {EPX},
	howpublished = {Tese de Doutorado (Pós Graduação em Ciência da Informação) - Universidade Federal de Minas Gerais - UFMG},
	address = {Belo Horizonte},
	year = {2005}
}

@Book{Neto2012,
	author = {Trajano Carlos Montassier Neto},
	title = {Avaliação das Ferramentas ETL open-source Talend e Kettle para projetos de Data Warehouse em empresas de pequeno porte},
	publisher = {União Metropolitana de Educação e Cultura - Curso de Bacharelado em Sistemas de Informação},
	address = {Lauro de Freitas},
	year = {2012}
}

@Book{Paredes2014,
	author = {J. F. B. Paredes},
	title = {Gamification: Teoria, Prática e Potenciais Aplicações},
	howpublished = {Monografia (Bacharel em Ciências Econômicas) – Insper Instituto de Ensino e Pesquisa},
	address = {São Paulo},
	year = {2014}
}

@misc{Pedreiraetal2014,
    author = {Oscar Pedreira and Félix García and Nieves Brisaboa and Mario Piattini},
    title = {Gamification in software engineering – A systematic mapping},
     howpublished = {Information and Software Technology},
    publisher = {Elsevier},
    year = {2014}
}

@misc{Perrotta2013,
    author = {C. Perrotta and Gill Featherstone and Helen Aston and Emily Houghton},
    title = {Game-based learning: latest evidence and future directions},
     howpublished = {National Foundation for Educational Research},
    year = {2013}
}

@misc{Renzl2006,
    author = {B. Renzl},
    title = {Trust in management and knowledge sharing: The mediating effects
of fear and knowledge documentation},
    howpublished = {Omega: The International Journal of Management Science},
    publisher = {Elsevier},
    address = {Áustria},
    month = {Junho},
    year = {2006}
}

@misc{Salcu2013,
    author = {Adrian Vicenţiu Salcu and Carmen Acatrinei},
    title = {GAMIFICATION APPLIED IN AFFILIATE MARKETING. CASE STUDY OF 2PARALE},
    howpublished = {Management & Marketing},
    publisher = {Challenges for the Knowledge Society},
    year = {2013}
}

@book{Sordi2008,
    author = {J. O. de Sordi},
    title = {Administração da informação: fundamentos e práticas para uma nova gestão do conhecimento},
    year = {2008},
    publisher = {Saraiva},
    address = {São Paulo}
}

@misc{AndreasenTambo2012,
    author = {K. Andreasen and T. Tambo},
    title = {Virtual and game-inspired approaches to concept store planning},
     howpublished = {Proceedings of 3ª Nordic Retail and Wholesale Conference},
    month = {Novembro},
    year = {2012}
}

@misc{TamboAndreasenUllerup2014,
    author = {T. Tambo and K. E. Andreasen and A. Ullerup},
    title = {Gamification in digital services innovation management},
     howpublished = {Conference: International Association for Management of Technology},
    address = {Washington DC},
    volume = {23},
    year = {2014}
}

@book{Terra2005,
    author = {J. C. C. Terra},
    title = {Gestão do Conhecimento: O Grande desafio empresarial},
    edition = {5},
    year = {2005},
    publisher = {Elsevier},
    address = {Rio de Janeiro}
}

@Misc{Unisociesc2015,
author = {Unisociesc},
title = {Unisociesc: Sociedade Educacional de Santa Catarina},
year = {2015},
note = {Disponível em: <http://www.sociesc.org.br/pt/home/index.php>. Acesso em: 25 set. 2015},
}

@book{Viannaetal2013,
    author = {Y. Vianna and Maurício Vianna and Bruno Medina and Samara Tanaka},
    title = {Gamification, Inc.: Como reinventar empresas a partir de jogos},
    year = {2013},
    publisher = {MJV Press},
    address = {Rio de Janeiro}
}

@misc{WangHou2014,
    author = {Wei-Tsong Wang and Ya-Pei Hou},
    title = {Motivations of employees’ knowledge sharing
behaviors: A self-determination perspective},
    howpublished = {Information and Organization, Dezembro},
    publisher = {Elsevier},
    month = {Dezembro},
    year = {2014}
}

@misc{WangNoe2009,
    author = {Sheng Wang and Raymond A. Noe},
    title = {Knowledge sharing: A review and directions for future research},
    howpublished = {Human Resource Management Review},
    publisher = {Elsevier},
    year = {2009}
}

@misc{WerbachHunter2012,
    author = {Werbach, K. and Hunter, D.},
    title = {For the Win: How Game Thinking Can Revolutionize Your
Business},
    publisher = {Wharton School},
     address = {Philadelphia},
    year = {2012}
}

@misc{Werbach2012,
    author = {Werbach, K.},
    title = {“Gamification”},
    year = {2012},
    note = {Disponível em:<https://www.coursera.org/course/gamification>. Acesso em: 25 ago. 2015},
}

@misc{YangWu2007,
    author = {H. Yang and T. C. T. Wu},
    title = {Knowledge sharing in an organization},
    publisher = {Elsevier},
    address = {Áustria},
    month = {Novembro},
    year = {2007}
}

@book{NonakaTakeuchi1997,
    author = {Ikujiro Nonaka and Hirotaka Takeuchi},
    title = {Criação do conhecimento na empresa: Como as empresas japonesas geram a dinâmica da inovação},
    year = {1997},
    publisher = {Campus},
    address = {Rio de Janeiro}
}

@book{DavenportPrusak1998,
    author = {Thomas H. Davenport and Laurence Prusak},
    title = {Conhecimento Empresarial: como as organizações gerenciam o seu capital intelectual},
    year = {1998},
    publisher = {Campus},
    address = {Rio de Janeiro}
}

@book{Sveiby1998,
    author = {Karl E. Sveiby},
    title = {A nova riqueza das organizações: Gerenciando e avaliando patrimônios de conhecimento},
    year = {1998},
    publisher = {Campus},
    address = {Rio de Janeiro}
}

@misc{Bartol2002,
    author = {K. M. Barton and S. Abhishek},
    title = {Encouraging knowledge sharing: The role of organization rewards systems},
    howpublished = {Journal of leadership and organization studies},
    year = {2002}
}

@misc{Gagne2009,
    author = {M. Gagn\'e},
    title = {A model of knowledge-sharing motivation},
    howpublished = {Human Resource Management, v. 48, p. 571-589},
    year = {2009}  
}
    
@misc{Imani2007,
    author = {Y. Imani},
    title = {Knowledge creation, business and art: Exploring the contraditions and commonalities},
    howpublished = {Journal of visual art practice},
    year = {2007}
}

@Misc{Internet2014,
author = {Referência Internet},
title = {Referência Internet},
year = {2014},
note = {Disponível em: <http://wwwportugalweb.pt. Acesso em: 25 jun. 2013},
}

@Misc{AutorDesconhecido2014,
author = {Autor desconhecido},
title = {Não sei},
year = {2014},
note = {Disponível em: <http://wwwportugalweb.pt>. Acesso em: 25 jun. 2013},
}

@misc{TesteUnisociesc,
    author = {Teste Unisociesc},
    title = {Minicurso de LaTex},
    howpublished = {Unisociesc},
    year = {2014}
}

@book{Trainotti2014,
	author = {Alcir Mário Trainotti-Filho},
	editor = {UNISOCIESC},
	title = {FGCConv: Ferramenta de Gestão de Conhecimento Convergente},
	year = {2014},
	publisher = {UNISOCIESC},
	address = {Santa Catarina},
	
}

@article{schlatter2014administrador,
	title={O ADMINISTRADOR E AS ORGANIZA{\c{C}}{\~O}ES SOB A {\'O}TICA DAS COMPET{\^E}NCIAS},
	author={Schlatter, Gabriel Vianna and Behar, Patr{\'\i}cia Alejandra},
	journal={Revista Compet{\^e}ncia},
	volume={7},
	number={1},
	pages={11--29},
	year={2014}
}

@article{brandao2005gestao,
	title={Gest{\~a}o por compet{\^e}ncias: m{\'e}todos e t{\'e}cnicas para mapeamento de compet{\^e}ncias},
	author={Brand{\~a}o, Hugo Pena and Bahry, Carla Patricia},
	year={2005},
	publisher={Escola Nacional de Administra{\c{c}}{\~a}o P{\'u}blica (ENAP)}
}

@article{bellandi2012assisted,
	title={Assisted knowledge base generation, management and competence retrieval},
	author={Bellandi, Andrea and Bellini, Pierfrancesco and Cappuccio, Antonio and Nesi, Paolo and Pantaleo, Gianni and Rauch, Nadia},
	journal={International Journal of Software Engineering and Knowledge Engineering},
	volume={22},
	number={08},
	pages={1007--1037},
	year={2012},
	publisher={World Scientific}
}

@article{rocha2012investimento,
	title={Investimento na qualifica{\c{c}}{\~a}o profissional: uma abordagem econ{\^o}mica sobre sua import{\^a}ncia-doi: 10.4025/actascihumansoc. v34i1. 14181},
	author={Rocha-Vidigal, Cl{\'a}udia Bueno and Vidigal, Vin{\'\i}cius Gon{\c{c}}alves},
	journal={Acta Scientiarum. Human and Social Sciences},
	volume={34},
	number={1},
	pages={41--48},
	year={2012}
}

@article{gaspar2014gestao,
	title={GEST{\~A}O DO CONHECIMENTO EM AMBIENTES DE TELETRABALHO},
	author={GASPAR, M. A. and SANTOS, S. A. and DONAIRE, D. and KUNIYOSHI, M. S. and PREARO, L. C.},
	journal={Revista de Administra{\c{c}}{\~a}o FACES Journal},
	volume={13},
	number={2},
	year={2014}
}

@book{Camargo2013,
	author = {Mericler Doneda Camargo},
	editor = {UFP},
	title = {Plano de desenvolvimento organizacional a partir do mapeamento de competências individuais.},
	year = {2013},
	publisher = {UFP},
	address = {Paraná},
	
}

@article{bem2014relaccao,
	title={A rela{\c{c}}{\~a}o entre compet{\^e}ncia informacional e aprendizagem organizacional: um olhar a partir do framework dos 4 i (s)},
	author={Bem, Roberta Moraes and Coelho, Chistianne Coelho de Souza Reinisch},
	journal={InCID: Revista de Ci{\^e}ncia da Informa{\c{c}}{\~a}o e Documenta{\c{c}}{\~a}o},
	volume={5},
	number={2},
	pages={112--127},
	year={2014}
}

@article{freitas2014proposta,
	title={PROPOSTA DE APLICABILIDADE DA GEST{\~A}O POR COMPET{\^E}NCIAS EM MICRO E PEQUENAS EMPRESAS: um estudo no com{\'e}rcio do munic{\'\i}pio de S{\~a}o Pedro do Iva{\'\i}--PR},
	author={Freitas, Alexandre Pascoal and Pereira, Jaiane Aparecida},
	journal={ANAIS CEAD \& CIESTEC},
	year={2014}
}

@article{takeuchi1997criaccao,
	title={Cria{\c{c}}{\~a}o de conhecimento na empresa: como as empresas japonesas geram a din{\^a}mica da inova{\c{c}}{\~a}o},
	author={TAKEUCHI, Hirotaka and NONAKA, Ikujiro},
	journal={Rio de Janeiro: Campus},
	year={1997}
}

@article{oliveira2014percepccao,
	title={PERCEP{\c{C}}{\~A}O DOS GESTORES DE RECURSOS HUMANOS EM RELA{\c{C}}{\~A}O AO MODELO DE GEST{\~A}O POR COMPET{\^E}NCIAS/HUMAN RESOURCES MANAGERS'PERCEPTION TOWARDS SKILLS MANAGEMENT},
	author={Oliveira, Daysa Andrade and da Silva Gon{\c{c}}alves, Ricardo and Barbosa, Allan Claudius Queiroz},
	journal={Revista FSA (Faculdade Santo Agostinho)},
	volume={11},
	number={2},
	pages={01--26},
	year={2014}
}

@article{vieira2012gestao,
	title={GEST{\~A}O POR COMPET{\^E}NCIAS: RET{\'O}RICA ORGANIZACIONAL OU PR{\'A}TICA DA GEST{\~A}O DE PESSOAS?},
	author={Vieira, Almir Martins and Filenga, Douglas},
	journal={Qualit@ s Revista Eletr{\^o}nica},
	volume={13},
	number={1},
	year={2012}
}

@article{rabaglio2012gestao,
	title={Gest{\~a}o por compet{\^e}ncias: ferramentas para atra{\c{c}}{\~a}o e capta{\c{c}}{\~a}o de talentos humanos},
	author={Rabaglio, Maria Odete},
	journal={Rio de Janeiro: qualitymark},
	pages={136},
	year={2012}
}

@article{rocha2012investimento,
	title={Investimento na qualifica{\c{c}}{\~a}o profissional: uma abordagem econ{\^o}mica sobre sua import{\^a}ncia-doi: 10.4025/actascihumansoc. v34i1. 14181},
	author={Rocha-Vidigal, Cl{\'a}udia Bueno and Vidigal, Vin{\'\i}cius Gon{\c{c}}alves},
	journal={Acta Scientiarum. Human and Social Sciences},
	volume={34},
	number={1},
	pages={41--48},
	year={2012}
}

@article{smaneotogestao,
	title={GEST{\~A}O POR COMPET{\^E}NCIAS},
	author={Smaneoto, Cec{\'\i}lia and Cassol, L{\'u}cia Maria}
}

@article{bomfim2012competencia,
	title={Compet{\^e}ncia profissional: uma revis{\~a}o bibliogr{\'a}fica},
	author={Bomfim, Rosa Amorim},
	journal={Revista Organiza{\c{c}}{\~a}o Sist{\^e}mica},
	volume={1},
	number={1},
	pages={46--63},
	year={2012}
}

@article{publica2012analise,
	title={An{\'a}lise Profissiogr{\'a}fica e Mapeamento de Compet{\^e}ncias nas Institui{\c{c}}{\~o}es de Seguran{\c{c}}a},
	author={P{\'u}blica, Seguran{\c{c}}a and y Mapeo, An{\'a}lisis Profisiogr{\'a}fico},
	journal={Psicologia: Ci{\^e}ncia e profiss{\~a}o},
	volume={32},
	number={2},
	pages={388--403},
	year={2012},
	publisher={SciELO Brasil}
}

@article{hondeghem2014modelos,
	title={Modelos de gest{\~a}o por compet{\^e}ncias na Europa*},
	author={Hondeghem, Annie and Horton, Sylvia and Scheepers, Sarah},
	journal={Revista do Servi{\c{c}}o P{\'u}blico},
	volume={57},
	number={2},
	pages={241--258},
	year={2014}
}

@article{carvalho2014desenvolvimento,
	title={Desenvolvimento de Compet{\^e}ncias pelos Formandos em Administra{\c{c}}{\~a}o: Um Estudo de Caso no Curso de Administra{\c{c}}{\~a}o de Uma Universidade Privada do Rio de Janeiro},
	author={Carvalho, Carlos Antonio Silva and Marinho, Cassia Regina Pinto and Marinho, Rita de Cassia Pinto and Gutierrez, Ruben Huamanchumo},
	journal={Sistemas \& Gest{\~a}o},
	volume={9},
	number={1},
	pages={114--126},
	year={2014}
}

@article{munck2011gestao,
	title={A gest{\~a}o por compet{\^e}ncias e sua rela{\c{c}}{\~a}o com a{\c{c}}{\~o}es de sustentabilidade},
	author={Munck, Luciano and de Souza, Rafael Borim and Zagui, Cristiane},
	journal={Revista Pretexto},
	volume={12},
	number={4},
	year={2011}
}

@article{almeida2015certificaccao,
	title={Certifica{\c{c}}{\~a}o de compet{\^e}ncias organizacionais: prot{\'o}tipo de modelo de gest{\~a}o por compet{\^e}ncias},
	author={Almeida, Luis Fernando and Catto, Fabiana and Rosa, Esdras Ara{\'u}jo and Monteiro, Rita de C{\'a}ssia Rigotti Vilela and Hassmann, Sanzara Nhiaia Jardim Costa},
	journal={Revista Brasileira de Gest{\~a}o e Desenvolvimento Regional},
	volume={11},
	number={1},
	year={2015}
}

@article{lang2014aprendizagem,
	title={APRENDIZAGEM EM A{\c{C}}{\~A}O, COMPET{\^E}NCIAS E A RELA{\c{C}}{\~A}O COM A APRENDIZAGEM GERENCIAL.},
	author={Lang, Jeter and Marinho, Sidnei Vieira and Boff, Marines Lucia},
	journal={Revista Pretexto},
	volume={15},
	year={2014}
}

@article{amaral2008gestao,
	title={Gest{\~a}o de pessoas por compet{\^e}ncias em organiza{\c{c}}{\~o}es p{\'u}blicas},
	author={AMARAL, Roniberto Morato do},
	journal={Anais do XV Semin{\'a}rio Nacional de Bibliotecas Universit{\'a}rias},
	pages={875--898},
	year={2008}
}

@article{dos2012gestao,
	title={Gest{\~a}o de pessoas por compet{\^e}ncias: avalia{\c{c}}{\~a}o de um modelo implementado numa organiza{\c{c}}{\~a}o do setor petroqu{\'\i}mico},
	author={dos Santos, Heliani Berlato and Costa, Luciano Venelli and Hip{\'o}lito, Jos{\'e} Antonio Monteiro and Guedes, Simone},
	journal={Revista de Carreiras e Pessoas (ReCaPe). ISSN 2237-1427},
	volume={2},
	number={1},
	year={2012}
}

@article{amaral2008modelo,
	title={Modelo para o mapeamento de compet{\^e}ncias em equipes de intelig{\^e}ncia competitiva},
	author={Amaral, Roniberto Morato and Garcia, Leonardo Guimar{\~a}es and de Faria, Leandro Innocentini Lopes and Aliprandini, Dario Henrique},
	journal={Ci{\^e}ncia da Informa{\c{c}}{\~a}o},
	volume={37},
	number={2},
	pages={7--19},
	year={2008},
	publisher={SciELO Brasil}
}

@article{torres2012mapeamento,
	title={Mapeamento de compet{\^e}ncias: ferramenta para a comunica{\c{c}}{\~a}o e a divulga{\c{c}}{\~a}o cient{\'\i}fica},
	author={Torres, Adriana Aparecida Lemos and Ziviani, Fabr{\'\i}cio and da Silva, Sandro Marcio},
	journal={TransInforma{\c{c}}{\~a}o},
	volume={24},
	number={3},
	year={2012},
	publisher={SciELO Brasil}
}

@article{zago2013cultura,
	title={Cultura organizacional: n{\'\i}vel coletivo constitutivo da gest{\~a}o por compet{\^e}ncias},
	author={Zago, C{\'e}lia Cristina and Retour, Didier},
	journal={Gest. Prod., S{\~a}o Carlos},
	volume={20},
	number={1},
	year={2013},
	publisher={Scielo Brasil}
}

@article{almeida2013desenvolvimento,
	title={O desenvolvimento de Compet{\^e}ncias Gerenciais como fator de vantagem competitiva: um estudo de caso em uma empresa estatal de telecomunica{\c{c}}{\~o}es. 2012},
	author={ALMEIDA, AMP and MOTTA, FMV},
	journal={Recuperado em},
	volume={21},
	year={2013}
}

@article{fleury2001construindo,
	title={Construindo o conceito de compet{\^e}ncia},
	author={Fleury, Maria Tereza Leme and Fleury, Afonso},
	journal={Revista de administra{\c{c}}{\~a}o contempor{\^a}nea},
	volume={5},
	number={SPE},
	pages={183--196},
	year={2001},
	publisher={Scielo Brasil}
}

@article{barbosa2003mosaico,
	title={Um mosaico da gest{\~a}o de compet{\^e}ncias em empresas brasileiras},
	author={Barbosa, Allan Claudius Queiroz},
	journal={Revista de Administra\&ccdeil; {\~a}o da Universidade de S{\~a}o Paulo},
	volume={38},
	number={4},
	year={2003}
}

@article{benfica2013proposta,
	title={Proposta de requisitos para um sistema de informa{\c{c}}{\~a}o para a gest{\~a}o do conhecimento em empresas nascentes de base tecnol{\'o}gica},
	author={Benfica, Kalebe Luiz Pereira and de Faria, Adriana Ferreira},
	journal={Revista Eletr{\^o}nica Produ{\c{c}}{\~a}o \& Engenharia},
	volume={5},
	number={1},
	pages={483--491},
	year={2013}
}

@article{pitrowsky2014organizational,
	title={Organizational Imaginary and Tacit Dimension of Knowledge: a Case Study in a Telecommunications Company},
	author={Pitrowsky, Marcia Caldas and da Costa, Isabel de S{\'a} Affonso and Salles, Denise Medeiros Ribeiro},
	journal={Brazilian Business Review},
	volume={11},
	number={5},
	pages={99},
	year={2014},
	publisher={Fucape Business School}
}

@article{de2013gestao,
	title={A Gest{\~a}o do Conhecimento e sua Correla{\c{c}}{\~a}o com a Sustentabilidade Organizacional},
	author={de Carvalho, Cl{\'a}udio Paula},
	journal={Sistemas \& Gest{\~a}o},
	volume={8},
	number={1},
	pages={78--85},
	year={2013}
}

@article{escrivao2011estagios,
	title={Est{\'a}gios Evolutivos da Gest{\~a}o do Conhecimento},
	author={Escriv{\~a}o, Giovana and Nagano, Marcelo Seido and Jabbour, Charbel Jos{\'e} Chiappetta},
	journal={Revista Gest{\~a}o Industrial},
	volume={7},
	number={1},
	year={2011}
}

@article{tavares2011aplicaccao,
	title={Uma Aplica{\c{c}}{\~a}o Pr{\'a}tica da Gest{\~a}o do Conhecimento no Front Office de um Contact Center},
	author={Tavares, Samuel Ribeiro and J{\'u}nior, Milton Vieira},
	journal={Revista Gest{\~a}o Industrial},
	volume={7},
	number={3},
	year={2011}
}

@article{de2013fatores,
	title={FATORES CR{\'I}TICOS PARA A DISSEMINA{\c{C}}{\~A}O DA CULTURA DA INOVA{\c{C}}{\~A}O ATRAV{\'E}S DA GEST{\~A}O DO CONHECIMENTO},
	author={de Moura, Gl{\'o}ria Maria Perez and Feitosa, Marcos Gilson Gomes and Silva, Fabiana Ferreira and de Souza, Fl{\'a}via Andreza},
	journal={Revista Gest{\~a}o Industrial},
	volume={8},
	number={4},
	year={2013}
}

@article{de2012melhoria,
	title={A MELHORIA DA GEST{\~A}O NA IND{\'U}STRIA DE PAPEL: ALINHANDO A METODOLOGIA DO BALANCED SCORECARD COM A GEST{\~A}O DO CONHECIMENTO},
	author={de C{\'a}ssia Foncesa, Rita and Spak, Marcia Danieli Szeremeta and Justus, Camila Clivati and Colmenero, Jo{\~a}o Carlos},
	journal={Revista Gest{\~a}o Industrial},
	volume={8},
	number={1},
	year={2012}
}

@article{ferraresi2012knowledge,
	title={Knowledge management, market orientation, innovativeness and organizational outcomes: a study on companies operating in brazil},
	author={Ferraresi, Alex Antonio and Santos, Silvio Aparecido dos and Frega, Jos{\'e} Roberto and Pereira, Heitor Jos{\'e}},
	journal={JISTEM-Journal of Information Systems and Technology Management},
	volume={9},
	number={1},
	pages={89--108},
	year={2012},
	publisher={Scielo Brasil}
}

@article{galvis2013critical,
	title={A critical review of knowledge management in software process reference models},
	author={Galvis-Lista, Ernesto and Sanchez-Torres, Jenny Marcela},
	journal={JISTEM-Journal of Information Systems and Technology Management},
	volume={10},
	number={2},
	pages={323--338},
	year={2013},
	publisher={Scielo Brasil}
}

@article{da2014projetos,
	title={PROJETOS COM INOVA{\c{C}}{\~A}O TECNOL{\'O}GICA: PROPOSTA DE UM MODELO INTEGRATIVO ENTRE GER{\^E}NCIA DE PROJETOS E GER{\^E}NCIA DO CONHECIMENTO NUMA PERSPECTIVA CLIENTE-FORNECEDOR},
	author={da Silva Tavares, Edval and de Paula Pessoa, Marcelo Schneck},
	journal={Revista de Gest{\~a}o da Tecnologia e Sistemas de Informa{\c{c}}{\~a}o},
	volume={11},
	number={1},
	pages={105--130},
	year={2014},
	publisher={Scielo Brasil}
}

@article{barbosa2015decom,
	title={DeCom: A model for context-aware competence management},
	author={Barbosa, Jorge Luis Vict{\'o}ria and Kich, Marcos Ricardo and Barbosa, D{\'e}bora Nice Ferrari and Klein, Amarolinda Zanela and Rigo, Sandro Jos{\'e}},
	journal={Computers in Industry},
	year={2015},
	publisher={Elsevier}
}

@article{camara2012gestao,
	title={Gest{\~a}o por Compet{\^e}ncias e Gest{\~a}o do Conhecimento: suas caracter{\'\i}sticas e a {\'a}rea de Recursos Humanos},
	author={C{\^a}mara, Mauro Araujo and others},
	journal={CONTECSI-International Conference on Information Systems and Technology Management},
	volume={9},
	number={1},
	pages={3558--3567},
	year={2012},
	publisher={Perspectivas em Políticas Públicas},
}

@Misc{fariacosta2014,
	author = {Renata Beniti Faria, Simone Alves da Costa},
	title = {Gestão de competências na indústria criativa},
	year = {2014},
	note = {Disponível em: <http://zip.net/bvrrGN>.
	Acesso em: 15 mai. 2015},
}

@book{dutra2004competencias,
	title={Compet{\^e}ncias: conceitos e instrumentos para a gest{\~a}o de pessoas na empresa moderna},
	author={Dutra, Joel Souza},
	year={2004},
	publisher={Atlas}
}

@article{pereira2011competencias,
	title={As compet{\^e}ncias gerenciais nas institui{\c{c}}{\~o}es federais de educa{\c{c}}{\~a}o superior},
	author={Pereira, Aline Lucena Costa and SILVA, AB da},
	journal={Cadernos EBAPE. BR. Rio de Janeiro, ed. Especial},
	volume={9},
	pages={627--647},
	year={2011},
	publisher={Scielo Brasil}
}

@book{gramigna2007competencias,
	title={Modelos de Competências e Gestão dos Talentos},
	author={Gramigna, Maria Rita},
	year={2007},
	publisher={Makron Books Editora}
}

@article{SAJLIS1449,
	author = {Shana Ponelis and Felicite A. Fairer-Wessels},
	title = {Knowledge management: a literature overview},
	journal = {South African Journal of Libraries and Information Science},
	volume = {66},
	number = {1},
	year = {2014},
	keywords = {},
	abstract = {The concept of knowledge management is becoming increasingly prevalent in academic and vocational literature. The objective of this article is to review the conceptual foundations of knowledge management starting with a conceptual clarification of knowledge relative to data and information. The characteristics in terms of forms, levels and categories of knowledge are discussed. Against this background a definition of knowledge management is sought which is compared with information management. The increasing emphasis placed on knowledge in an organisational context has given rise to a new manifestation of capital which occurs as human or structural intellectual capital. Therefore, the relation of knowledge management to corporate memory as well as the learning organisation is indicated. There are various ways in which knowledge management can be interpreted, the first being analogy; three of which occurring frequently in discussions of knowledge management (biological, economical and their convergence in bionomics) are discussed. Secondly, an indication of a paradigm shift in the approach to management is outlined and the different management styles (top-down, bottom-up and middle-up-down) are contrasted in relation to knowledge management. Finally the underlying approaches to knowledge management (people-centred versus technologycentred) are considered.Die konsep kennisbestuur kom toenemend voor in die akademiese sowel as populêre literatuur. Die doelstelling van hierdie artikel is om die konsepsionele gronde van kennisbestuur te ondersoek, beginnend met 'n konseptuele verheldering van kennis relatief tot inligting en data. Die kenmerkende eienskappe van kennis in terme van vorms, vlakke en kategoriee word bespreek. Gesien teen hierdie agtergrond word daar gepoog om 'n definisie van kennisbestuur te vind wat dan vergelyk word met inligtingbestuur. Die toenemende klem op kennis in organisasies het gelei tot 'n nuwe vorm van kapitaal wat voorkom as menslike of strukturele intellektuele kapitaal. Ous word die verwantskap tussen kennisbestuur en korporatiewe geheue asook die lerende organisasie bekyk. Daar is verskeie raamwerke waarbinne kennisbestuur geYnterpreteerkan word; die eerste is analogie waarvan drie wat geredelik in die literatuur voorkom (ekonomies, biologies en die se samesmelting in sogenaamde bionomie) in verband met kennisbestuur bespreek kan word. Tweedens word 'n aanduiding gegee van 'n paradigmaverskuiwing wat kennisbestuur te weeg bring en die verskillende bestuurstyle (bo-na-onder,' onder-na-bo en middel-op-af) word teenoor mekaar gestel. Laastens word die onderliggende benaderings tot kennisbestuur (mensgesentreerd versus tegnologiegesentreerd) onder die loep geneem.},
	issn = {2304-8263},	doi = {10.7553/66-1-1449},
	url = {http://sajlis.journals.ac.za/pub/article/view/1449}
}

@book{spencer1993competence,
	title={Competence at Work: Models for Superior Performance},
	author={Spencer, L.M. and Spencer, S.M.},
	lccn={92031255},
	url={https://books.google.com.br/books?id=ngcpAQAAMAAJ},
	year={1993},
	publisher={Wiley}
}

@misc{gramigna2002modelo,
	title={Modelo de Caracter{\'\i}sticas e Gest{\~a}o dos Talentos},
	author={Gramigna, Maria Rita},
	year={2002},
	publisher={S{\~a}o Paulo: Makron Books}
}

@article{ruzzarin2002gestao,
	title={Gest{\~a}o por compet{\^e}ncias: indo al{\'e}m da teoria},
	author={Ruzzarin, Ricardo and Amaral, Augusto and Simionovschi, Marcelo},
	journal={Porto Alegre: Sebrae/RS},
	year={2002}
}

@book{Molina2010,
	author = {Marisol Izquierdo Molina},
	editor = {Universidad Veracruzana},
	title = {Gestión por Competencias an la Administración de Recursos Humanos.},
	year = {2010},
	publisher = {Universidad Veracruzana},
	address = {Xalapa, Veracruz, México},
}

@article{Masih2008gestao,
	title={Gestão de pessoas baseada em competências: em busca de um alinhamento conceitual},
	author={M{\'a}sih, Rog{\'e}rio Teixeira and Silva J{\'u}nior, Jeová Torres and Ramos, Roberto Rodrigues},
	journal={XXVIII Encontro Nacional de Engenharia de Produção},
	number={28},
	pages={1--13},
	year={2008},
	publisher={Scielo Brasil},
}

@book{Bergamini2012,
	author = {Cecilia Whitaker Bergamini},
	title = {Competência: A chave do Desempenho},
	year = {2012},
	publisher = {Editora Atlas},
	address = {São Paulo},
}	

@book{Yasmin2015,
	author = {Yasmin Porto Costa},
	editor = {UNISOCIESC},
	title = {KSGAME: Uma Ferramenta Propulsora do Compartilhamento Do Conhecimento},
	year = {2015},
	publisher = {UNISOCIESC},
	address = {Santa Catarina},
}

@Misc{CNI2013,
	OPTkey = {key},
	author = {{Confederação Nacional das Industrias}},
	title = {Sondagem especial indústria de transformação e extrativa: Falta de trabalhador qualificado na indústria},
	OPThowpublished = {howpublished},
	OPTmonth = {month},
	year = {2013},
	note = {Disponível em:<http://arquivos.portaldaindustria.com.br>. Acesso em:09 abr. 2015},
	OPTannote = {annote},
}

